@unpublished{GaudeckerEconProjectTemplates,
	Author = {Hans-Martin von Gaudecker},
	Note = {\url{https://github.com/hmgaudecker/econ-project-templates}},
	Title = {Templates for Reproducible Research Projects in Economics},
	Year = {2014}}
